<?xml version="1.0" encoding="UTF-8"?><record xmlns="http://www.loc.gov/MARC21/slim" xmlns:cinclude="http://apache.org/cocoon/include/1.0" xmlns:zs="http://www.loc.gov/zing/srw/">
  <leader>01470cz  a2200265n  4500</leader>
  <controlfield tag="001">no2014041375</controlfield>
  <controlfield tag="003">DLC</controlfield>
  <controlfield tag="005">20140412073859.0</controlfield>
  <controlfield tag="008">140327n| azannaabn          |b aaa     c</controlfield>
  <datafield tag="010" ind1=" " ind2=" ">
    <subfield code="a">no2014041375</subfield>
    <subfield code="z">n  85071799 </subfield>
  </datafield>
  <datafield tag="035" ind1=" " ind2=" ">
    <subfield code="a">(OCoLC)oca09718586</subfield>
  </datafield>
  <datafield tag="040" ind1=" " ind2=" ">
    <subfield code="a">ICU</subfield>
    <subfield code="b">eng</subfield>
    <subfield code="e">rda</subfield>
    <subfield code="c">ICU</subfield>
    <subfield code="d">DLC</subfield>
    <subfield code="d">IEN</subfield>
  </datafield>
  <datafield tag="100" ind1="1" ind2=" ">
    <subfield code="a">Kuznet︠s︡ova, V. P.</subfield>
    <subfield code="q">(Valentina Pavlovna)</subfield>
    <subfield code="c">(Chemist)</subfield>
  </datafield>
  <datafield tag="370" ind1=" " ind2=" ">
    <subfield code="a">Kiev (Ukraine)</subfield>
    <subfield code="2">naf</subfield>
  </datafield>
  <datafield tag="373" ind1=" " ind2=" ">
    <subfield code="a">Instytut khimiï vysokomolekuli︠a︡rnykh spoluk (Akademii︠a︡ nauk Ukraïnsʹkoï RSR)</subfield>
    <subfield code="2">naf</subfield>
  </datafield>
  <datafield tag="374" ind1=" " ind2=" ">
    <subfield code="a">Chemists</subfield>
    <subfield code="2">lcsh</subfield>
  </datafield>
  <datafield tag="375" ind1=" " ind2=" ">
    <subfield code="a">female</subfield>
  </datafield>
  <datafield tag="377" ind1=" " ind2=" ">
    <subfield code="a">rus</subfield>
  </datafield>
  <datafield tag="400" ind1="1" ind2=" ">
    <subfield code="a">Kuznet︠s︡ova, Valentina Pavlovna</subfield>
    <subfield code="c">(Chemist)</subfield>
  </datafield>
  <datafield tag="400" ind1="1" ind2=" ">
    <subfield code="a">Кузнецова, В. П.</subfield>
    <subfield code="q">(Валентина Павловна)</subfield>
    <subfield code="c">(Chemist)</subfield>
  </datafield>
  <datafield tag="667" ind1=" " ind2=" ">
    <subfield code="a">Formerly on undifferentiated record: n  85071799</subfield>
  </datafield>
  <datafield tag="667" ind1=" " ind2=" ">
    <subfield code="a">Non-Latin script reference not evaluated.</subfield>
  </datafield>
  <datafield tag="670" ind1=" " ind2=" ">
    <subfield code="a">Her Kremniĭorganicheskie poliuretany, 1984:</subfield>
    <subfield code="b">t.p. (В. П. Кузнецова = V. P. Kuznet︠s︡ova) colophon (Валентина Павловна Кузнецова = Valentina Pavlovna Kuznet︠s︡ova)</subfield>
  </datafield>
  <datafield tag="670" ind1=" " ind2=" ">
    <subfield code="a">Russian National Library, via WWW, Mar. 27, 2014:</subfield>
    <subfield code="b">(access point: Kuznet︠s︡ova, Valentina Pavlovna, affiliated with Institut khimii vysokomolekuli︠a︡rnykh soedineniĭ, Akademii︠a︡ nauk Ukrainy)</subfield>
  </datafield>
  <datafield tag="670" ind1=" " ind2=" ">
    <subfield code="a">Info. from 678 field in this record, April 11, 2014</subfield>
    <subfield code="b">(woman chemist, worked at the Institute of Chemistry of the Ukrainian Academy of Sciences in Kiev)</subfield>
  </datafield>
</record>